<record><leader>00000cas a2200000 a 4500</leader><controlfield tag="001">37649397</controlfield><controlfield tag="008">970919d18761887pauwr ne      0    0eng c</controlfield><datafield ind1=" " ind2=" " tag="010"><subfield code="a">sn 97016139 </subfield></datafield><datafield ind1=" " ind2=" " tag="040"><subfield code="a">ATL</subfield><subfield code="b">eng</subfield><subfield code="c">ATL</subfield><subfield code="d">GUA</subfield><subfield code="d">OCLCQ</subfield><subfield code="d">OCLCF</subfield><subfield code="d">OCLCO</subfield></datafield><datafield ind1="1" ind2=" " tag="029"><subfield code="a">AU@</subfield><subfield code="b">000025927804</subfield></datafield><datafield ind1=" " ind2=" " tag="042"><subfield code="a">pcc</subfield></datafield><datafield ind1=" " ind2=" " tag="043"><subfield code="a">n-us---</subfield></datafield><datafield ind1=" " ind2="4" tag="050"><subfield code="a">BX9551</subfield></datafield><datafield ind1="0" ind2=" " tag="130"><subfield code="a">Messenger (Philadelphia, Pa.)</subfield></datafield><datafield ind1="1" ind2="4" tag="245"><subfield code="a">The Messenger.</subfield></datafield><datafield ind1=" " ind2=" " tag="260"><subfield code="a">Philadelphia, Pa. :</subfield><subfield code="b">Publication Board of the Reformed Church in the United States,</subfield><subfield code="c">[1876-1887]</subfield></datafield><datafield ind1=" " ind2=" " tag="300"><subfield code="a">12 v. ;</subfield><subfield code="c">52 cm.</subfield></datafield><datafield ind1="0" ind2=" " tag="362"><subfield code="a">Vol. 45, no. 1 (Jan. 5, 1876)-v. 55, no. 52 (Dec. 28, 1887) = whole no. 2153-whole no. 2764.</subfield></datafield><datafield ind1=" " ind2=" " tag="515"><subfield code="a">Omits v. 42-44, then continues the numbering of its previous title.</subfield></datafield><datafield ind1=" " ind2=" " tag="525"><subfield code="a">Some issues have supplements.</subfield></datafield><datafield ind1=" " ind2=" " tag="530"><subfield code="a">Also issued on microfilm by American Theological Library Association; also available online.</subfield></datafield><datafield ind1="2" ind2="0" tag="610"><subfield code="a">Reformed Church in the United States</subfield><subfield code="v">Newspapers.</subfield></datafield><datafield ind1=" " ind2="7" tag="655"><subfield code="a">Newspapers.</subfield><subfield code="2">fast</subfield><subfield code="0">(OCoLC)fst01423814</subfield></datafield><datafield ind1="2" ind2="7" tag="610"><subfield code="a">Reformed Church in the United States.</subfield><subfield code="2">fast</subfield><subfield code="0">(OCoLC)fst00529476</subfield></datafield><datafield ind1="2" ind2=" " tag="710"><subfield code="a">Reformed Church in the United States.</subfield><subfield code="b">Publication Board.</subfield></datafield><datafield ind1="1" ind2=" " tag="776"><subfield code="c">Microfilm</subfield><subfield code="d">American Theological Library Association</subfield><subfield code="w">(DLC)sn 97016140</subfield><subfield code="w">(OCoLC)8450812</subfield></datafield><datafield ind1="1" ind2=" " tag="776"><subfield code="t">Messenger (Philadelphia, Pa. : Online)</subfield><subfield code="w">(DLC)  2008266637</subfield><subfield code="w">(OCoLC)70151299</subfield></datafield><datafield ind1="0" ind2="0" tag="780"><subfield code="t">Reformed Church messenger (Philadelphia, Pa. : 1867)</subfield><subfield code="w">(DLC)sn 97016137</subfield><subfield code="w">(OCoLC)37649351</subfield></datafield><datafield ind1="0" ind2="0" tag="785"><subfield code="t">Reformed Church messenger (Philadelphia, Pa. : 1888)</subfield><subfield code="w">(DLC)sn 97016141</subfield><subfield code="w">(OCoLC)6051956</subfield></datafield><datafield ind1="4" ind2="1" tag="856"><subfield code="u">http://proquest.umi.com/pqdweb</subfield></datafield></record>